@book{BuildingConstructionBook,
	author = {Hool, George A. and Johnson, Nathan C.},
	edition = {First},
	pages = {1920},
	publisher = {McGraw-Hill Book Company, Incorporated},
	title = {{Handbook of Building Construction}},
	volume = {Vol. 1},
	year = {1929}
}

@book{MemsBook,
	author = {Bao, M.},
	isbn = {9780080455624},
	month = {04},
	pages = {328},
	publisher = {Elsevier Science},
	title = {{Analysis and Design Principles of MEMS Devices}},
	url = {https://books.google.com.tr/books?id=No7NNfc1pfYC},
	year = {2005}
}

